@article{Carino
, Author = "Carlo Carino and Yuanyuan Jia and Bruce Lambert and Particia M. West and Clement Yu"
, title = "Mining Officially Unrecognized Side effects of Drugs by Combining Web Search and Machine Learning"
, journal = "Proceedings of the 2005 ACM CIKM International Conference on Information and Knowledge Management"
, year = "October 31 -- November 5 2005"
}

@article{Gurulingappa
, Author = "Harsha Gurulingappa and Juliane Fluck and Martin Hofmann-Apitius and Luca Tolodo"
, title = "Identification of Adverse Drug Event Assertive Sentences in Medical Case Reports"
, journal = "ECML PKDD 2011 Workshop on Knowledge Discovery in Health Care and Medicine"
, year = "2011"
}

@article{Sampathkumar
, Author = "Hariprasad Sampathkumar and Xue-Wen Chen and Bo Luo"
, title = "Mining Adverse Drug Reactions from online healthcare forums using Hidden Markov Model"
, journal = "BMC Medical Informatics and Decision Making"
, year = "2014"
}

@article{Sohn
, Author = "Sunghwan Sohn and Jean-Pierre A. Kocher and Christopher G. Chute and Guergana K. Savova"
, title = "Drug side effect extraction from clinical narratives of psychiatry and psychology patients"
, journal = "J Am Med Inform Assoc"
, year = "2011"
}

@article{Sondhi
, Author = "Parikshit Sondhi and Manish Gupta and ChengXiang Zhai and Julia Hockenmaier"
, title = "Shallow Information Extraction from Medical Forum Data"
, journal = "Proceedings of the 23rd International Conference on Computational Linguistics"
, year = "2010"
}